
@article{colic-peisker_Social_2015,
  title = {Social Change and Community Cohesion: An Ethnographic Study of Two {{Melbourne}} Suburbs},
  author = {{Colic-Peisker}, Val and Robertson, Shanthi},
  year = {2015},
  volume = {38},
  pages = {75--91},
  doi = {10.1080/01419870.2014.939205},
  journal = {Ethnic and Racial Studies},
  number = {1}
}

@article{delhey_Happier_2016,
  title = {Happier Together. {{Social}} Cohesion and Subjective Well-Being in {{Europe}}: {{HAPPIER TOGETHER}}-{{COHESION AND SWB}}},
  shorttitle = {Happier Together. {{Social}} Cohesion and Subjective Well-Being in {{Europe}}},
  author = {Delhey, Jan and Dragolov, Georgi},
  year = {2016},
  month = jun,
  volume = {51},
  pages = {163--176},
  issn = {00207594},
  doi = {10.1002/ijop.12149},
  journal = {International Journal of Psychology},
  language = {en},
  number = {3}
}

@article{dragolov2013social,
  title = {Social Cohesion Radar Measuring Common Ground: {{An}} International Comparison of Social Cohesion Methods Report},
  author = {Dragolov, Georgi and Ign{\'a}cz, Zs{\'o}fia and Lorenz, Jan and Delhey, Jan and Boehnke, Klaus},
  year = {2013}
}

@misc{Jeannote2003,
  title = {Social Cohesion: {{Insights}} from Canadian Research},
  author = {Jeannotte, M.},
  year = {2003},
  month = dec,
  address = {{Conference on Social Cohesion Hong Kong}}
}

@article{jenson_New_2003,
  title = {New {{Routes}} to {{Social Cohesion}}? {{Citizenship}} and the {{Social Investment State}}},
  shorttitle = {New {{Routes}} to {{Social Cohesion}}?},
  author = {Jenson, Jane and {Saint-Martin}, Denis},
  year = {2003},
  volume = {28},
  pages = {77},
  issn = {03186431},
  doi = {10.2307/3341876},
  journal = {Canadian Journal of Sociology / Cahiers canadiens de sociologie},
  number = {1}
}

@book{jenson1998mapping,
  title = {Mapping Social Cohesion: {{The}} State of {{Canadian}} Research},
  author = {Jenson, Jane},
  year = {1998}
}

@book{jenson2010defining,
  title = {Defining and Measuring Social Cohesion},
  author = {Jenson, Jane},
  year = {2010},
  publisher = {{Commonwealth Secretariat}},
  number = {1}
}

@article{markus_Attitudinal_2007,
  title = {Attitudinal Divergence in a {{Melbourne}} Region of High Immigrant Concentration: {{A}} Case Study},
  author = {Markus, Andrew Barry and Arunachalam, Dharmalingam},
  year = {2007},
  volume = {15},
  pages = {38--48},
  issn = {1039-4788},
  journal = {People and Place},
  language = {English},
  number = {4}
}

@article{markus2013mapping,
  title = {Mapping Social Cohesion},
  author = {Markus, Andrew},
  year = {2014}
}

@book{prewitt_Civic_2014,
  title = {Civic Engagement and Social Cohesion: {{Measuring}} Dimensions of Social Capital to Inform Policy},
  author = {Prewitt, K. and Mackie, C.D. and Habermann, H. and Council, National},
  year = {2014},
  month = nov
}

@article{somma2015paradojas,
  title = {Las Paradojas de La Cohesi\'on Social En {{Am\'erica Latina}}},
  author = {Somma, Nicol{\'a}s M and Valenzuela, Eduardo},
  year = {2015},
  pages = {43--74},
  publisher = {{Centro Latinoamericano de Administraci\'on para el Desarrollo}},
  journal = {Revista del CLAD Reforma y Democracia},
  number = {61}
}

@book{tironibarrios_Redes_2008,
  title = {{Redes, Estado y mercados: soportes de la cohesi\'on social latinoamericana}},
  shorttitle = {{Redes, Estado y mercados}},
  editor = {Tironi Barrios, Eugenio and Foxley R{\'i}oseco, Alejandro},
  year = {2008},
  publisher = {{Uqbar Editores}},
  address = {{Santiago de Chile}},
  isbn = {978-956-8601-18-8},
  language = {spa},
  series = {{Colecci\'on CIEPLAN}}
}

@book{valenzuela_Vinculos_2008,
  title = {V\'inculos, Creencias e Ilusiones. {{La}} Cohesi\'on Social de Los Latinoamericanos},
  author = {Valenzuela, Eduardo and Schwartzman, Sim{\'o}n and Biehl, Andr{\'e}s and Valenzuela, J Samuel},
  year = {2008},
  publisher = {{Uqbar Editores}}
}


